@online{xiao2017/online,
  author       = {Han Xiao and Kashif Rasul and Roland Vollgraf},
  title        = {Fashion-MNIST: a Novel Image Dataset for Benchmarking Machine Learning Algorithms},
  date         = {2017-08-28},
  year         = {2017},
  eprintclass  = {cs.LG},
  eprinttype   = {arXiv},
  eprint       = {cs.LG/1708.07747},
}

@book{geron2017hands,
  title      =  {Hands-on machine learning with Scikit-Learn and TensorFlow: concepts, tools, and techniques to build intelligent systems},
  author     =  {G{\'e}ron, Aur{\'e}lien},
  year       =  {2017},
  publisher  =  {" O'Reilly Media, Inc."}
}

@article{bishop2006pattern,
  title    =  {Pattern recognition and machine learning (information science and statistics) springer-verlag new york},
  author   =  {Bishop, Christopher M},
  journal  =  {Inc. Secaucus, NJ, USA},
  year     =  {2006}
}

@article{developers2013numpy,
  title={NumPy},
  author={Developers, NumPy},
  journal={NumPy Numpy. Scipy Developers},
  year={2013}
}

@inproceedings{glorot2010understanding,
  title={Understanding the difficulty of training deep feedforward neural networks},
  author={Glorot, Xavier and Bengio, Yoshua},
  booktitle={Proceedings of the thirteenth international conference on artificial intelligence and statistics},
  pages={249--256},
  year={2010}
}

@misc{loss_function,
  title = {ML Cheatsheet: Loss Functions},
  url = {https://bit.ly/2yo0dnY},
  note = {Acessado em 08-10-2018}
}

@misc{scikit_learn,
  title = {scikit-learn},
  url = {http://scikit-learn.org/stable/},
  note = {Acessado em 08-10-2018}
}

@misc{site_1,
  title = {Neural Networks Demystified},
  url = {https://bit.ly/2QArjiW},
  note = {Acessado em 08-10-2018}
}

@misc{site_2,
  title = {Peter's notes: Multi-armed bandit implementation},
  url = {http://peterroelants.github.io/},
  note = {Acessado em 08-10-2018}
}
