@book{geron2017hands,
  title      =  {Hands-on machine learning with Scikit-Learn and TensorFlow: concepts, tools, and techniques to build intelligent systems},
  author     =  {G{\'e}ron, Aur{\'e}lien},
  year       =  {2017},
  publisher  =  {" O'Reilly Media, Inc."}
}

@article{bishop2006pattern,
  title    =  {Pattern recognition and machine learning (information science and statistics) springer-verlag new york},
  author   =  {Bishop, Christopher M},
  journal  =  {Inc. Secaucus, NJ, USA},
  year     =  {2006}
}

@article{developers2013numpy,
  title   = {NumPy},
  author  = {Developers, NumPy},
  journal = {NumPy Numpy. Scipy Developers},
  year    = {2013}
}

@misc{scikit_learn,
  title = {scikit-learn},
  url   = {http://scikit-learn.org/stable/},
  note  = {Acessado em 08-10-2018}
}

@misc{fifa,
  title  = {FIFA/Coca-Cola World Ranking.},
  author = {FIFA},
  year   = {2018}
}

@article{news,
  author  = {Martin, William},
  title   = {Big  banks  like   Goldman  Sachs spectacularly failed to predict the  World Cup winner — here's why.},
  journal = {Business Insider},
  year    = {2018}
}

@article{win_cartola,
  title   = {Com 2460.19 pontos 'Jorgito10 (O mito)' é o vencedor da liga GE AP em 2017.},
  journal = {GloboEsporte.com},
  url     = {https://globoesporte.globo.com/ap/cartola-fc/noticia/com-246019-pontos-jorgito10-o-mito-e-o-vencedor-da-liga-ge-ap-em-2017.ghtml},
  year    = {2017},
  note    = {Acessado em 05-12-2018}
}

@article{viscondiaplicaccao,
  title={Aplica{\c{c}}{\~a}o de aprendizado de m{\'a}quina para otimiza{\c{c}}{\~a}o da escala{\c{c}}{\~a}o de time no jogo Cartola FC},
  author={VISCONDI, GF and JUSTO, D and GARC{\'I}A, NM}
}

@article{git_cartola,
  author = {Gomide, Henrique},
  title  = {GitHub - Repositório caRtola.},
  url    = {https://github.com/henriquepgomide/caRtola/},
  note   = {Acessado em 05-12-2018}
}

